<collection xmlns="http://www.loc.gov/MARC21/slim"><record><leader>00724nam  2200217   450</leader><controlfield tag="001">146</controlfield><controlfield tag="003">http://montalegre.opacnet.com/OPAC/default.aspx?ContentAreaControl=ShowRegHoldings.ascx&amp;RegNo=16662</controlfield><datafield tag="095" ind1=" " ind2=" "><subfield code="a">PTBN00764851</subfield></datafield><datafield tag="100" ind1=" " ind2=" "><subfield code="a">19950828d1965    m  y0pory010305  ba</subfield></datafield><datafield tag="101" ind1="1" ind2=" "><subfield code="a">por</subfield><subfield code="c">ita</subfield></datafield><datafield tag="102" ind1=" " ind2=" "><subfield code="a">PT</subfield></datafield><datafield tag="200" ind1="1" ind2=" "><subfield code="a">&lt;O &gt;barão trepador</subfield><subfield code="f">Italo Calvino</subfield><subfield code="g">trad. José Manuel Calafate</subfield></datafield><datafield tag="210" ind1=" " ind2=" "><subfield code="a">Lisboa</subfield><subfield code="c">Portugália</subfield><subfield code="d">[D.L. 1965]</subfield></datafield><datafield tag="215" ind1=" " ind2=" "><subfield code="a">297, [1] f</subfield><subfield code="d">17 cm</subfield></datafield><datafield tag="225" ind1="2" ind2=" "><subfield code="a">&lt;O &gt;livro de bolso</subfield><subfield code="v">48</subfield><subfield code="v">49</subfield></datafield><datafield tag="304" ind1=" " ind2=" "><subfield code="a">Tít. orig. : Il barone rampante</subfield></datafield><datafield tag="675" ind1=" " ind2=" "><subfield code="a">821</subfield></datafield><datafield tag="700" ind1=" " ind2="1"><subfield code="a">Calvino</subfield><subfield code="b">Italo</subfield><subfield code="f">1923-1985</subfield></datafield><datafield tag="702" ind1=" " ind2="1"><subfield code="a">Calafate</subfield><subfield code="b">José Manuel</subfield><subfield code="4">730</subfield></datafield><datafield tag="801" ind1=" " ind2="0"><subfield code="a">PT</subfield><subfield code="b">Biblioteca Municipal de Montalegre</subfield><subfield code="g">RPC</subfield></datafield><datafield tag="856" ind1=" " ind2=" "><subfield code="u">locateMedia.asp?cod=20060509144449&amp;ext=jpg</subfield><subfield code="z">CAPA</subfield></datafield><datafield tag="909" ind1="&#9;" ind2=" "><subfield code="a">1</subfield></datafield><datafield tag="966" ind1=" " ind2=" "><subfield code="a">0008387</subfield><subfield code="l">BMM</subfield><subfield code="s">SCG 821 CAL bar</subfield></datafield></record></collection>